00572cas a22002291a 4500
001 999303083502836
003 Nz
005 20220202151038.0
008 040107d1892uuuunz wr ne      0   a0eng d
035    $a (NLNZils)930308
035    $a (Nz)8169265
035    $a (NLNZils)930308-ilsdb
035    $a (OCoLC)173421953
040    $a WN $c WN
042    $a nznb
043    $a u-nz---
245 00 $a N.Z. life.
260    $a [Dunedin, N.Z. : $b s.n., $c 1892-?]
310    $a Weekly
362 0  $a 1892 May7-?
651  0 $a Dunedin (N.Z.) $v Newspapers.
655  7 $a New Zealand newspapers. $2 local $5 Nz
